@booklet {kise1,
		  author  = "Koichi Kise and Kazuko Noguchi and Masakazu Iwamura",
		  title   = "Simple Representation and Approximate Search of Feature Vectors for Large-Scale Object Recognition",
		  year    = "2007",
		  pages   = "10"
}

@booklet {nakai1,
		  author  = "Tomohiro Nakai and Koichi Kise and Masakazu Iwamura",
		  title   = "Hashing with Local Combinations of Feature Points and Its Application to Camera-Based Document Image Retrieval",
		  pages   = "8"
}


@booklet {nakai2,
		  author  = "Tomohiro Nakai and Koichi Kise and Masakazu Iwamura",
		  title   = "Real-Time Document Image Retrieval with More Time and Memory Efficient LLAH",
		  year    = "2007",
		  pages   = "2"
}

@booklet {nakai3,
		  author  = "Tomohiro Nakai and Koichi Kise and Masakazu Iwamura",
		  title   = "Use of Affine Invariants in Locally Likely Arrangement Hashing for Camera-Based Document Image Retrieval",
		  journal = "LNCS",
		  year    = "2006",
		  pages   = "12"
}

@booklet {nakai4,
		  author  = "Tomohiro Nakai and Koichi Kise and Masakazu Iwamura",
		  title   = "Real-Time Document Image Retrieval with More Time and Memory Efficient LLAH",
		  year    = "2007",
		  pages   = "8"
}

@booklet {Chandrasekhar1,
		  author  = "Vijay Chandrasekhar and David M. Chen and Andy Lin and Gabriel Takacs and Sam S. Tsai and Ngai-Man Cheung and Yuriy Reznik and Radek Grzeszczuk and Bernd Girod",
		  title   = "Comparison of Local Feature Descriptors for Mobile Visual Search",
		  year    = "2010",
		  pages   = "4"
}

@booklet {Doermann1,
		  author  = "David Doermann",
		  title   = "The Indexing and Retrieval of Document Images: A Survey",
		  year    = "1998",
		  journal = "Computer Vision and Image Understanding Vol. 70, Nº 3",,
		  pages   = "287-297"
}

@booklet {Doermann2,
		  author  = "D. Doermann and E. Rivlin and A. Rosenfeld",
		  title   = "The Function of Documents",
		  journal = "Int. J. Computer Vision"
}

@booklet {DeSilva,
		  author  = "G. L. De Silva and J. J. Hull",
		  title   = "Proper Noun Detection in Document Images",
		  year    = "1994",
		  journal = "Pattern Recognition 27(2)",
		  pages   = "311-320"
}

@booklet {Chen,
		  author  = "F. R. Chen and L. D. Wilcox and D. S. Bloomberg",
		  title   = "Detecting and Locating Partially Specified Keywords in Scanned Images Using Hidden Markov Models",
		  year    = "1993",
		  journal = "Procedings of the International Conference on Document Analysis and Recognition",
		  pages   = "133-138"
}

@booklet {DeCurtins,
		  author  = "J. L. DeCurtins and E. C. Chen",
		  title   = "Keyword Spotting Via Word Shape Recognition",
		  year    = "1995",
		  journal = "Proceedings of the SPIE - Document Recognition II",
		  pages   = "270-277"
}

@booklet {Tanaka,
		  author  = "H. Tanaka and A. Kogawara",
		  title   = "High Speed String Edit Methods Usding Hierarchical Files and Hashing Technique",
		  year    = "1988",
		  journal = "Proceedings of the International Conference on Pattern Recognition",
		  pages   = "334-336"
}

@booklet {Chandrasekhar2,
		  author  = "Vijay Chandrasekhar and Gabriel Takacs and David Chen and Sam Tsai and Radek Grzeszczuk and Bernd Girod",
		  title   = "CHoG: Compressed Histogram of Gradients - A Low Bit-Rate Feature Descriptor",
		  year    = "2009",
		  pages   = "2504-2511"
}

@booklet {Chandrasekhar3,
		  author  = "Vijay Chandrasekhar and David M. Chen and Andy Lin and Gabriel Takacs and Sam S. Tsai and Ngai-Man Cheung and Yuriy Reznik and Radek Grzeszczuk and Bernd Girod",
		  title   = "Comparison of Local Feature Descriptors for Mobile Visual Search",
		  year    = "2009",
		  pages   = "2504-2511"
}

@booklet {Lowe1,
		  author  = "D. Lowe",
		  title   = "Distinctive Image Features from Scale-Invariant Key-points",
		  year    = "2004",
		  journal = "International Journal of Computer Vision, vol. 60, no. 2",
		  pages   = "91–110"
}

@booklet {Spitz1,
		  author  = "A. L. Spitz",
		  title   = "Using Character Shape Codes for Word Spotting in Document Images",
		  year    = "1995",
		  journal = "Shape, Structure and Pattern Recognition",
		  pages   = "382-389"
}

@misc{ Vitria1,
       author = "Jordi Vitrià",
       title = "Intel·ligència artificial II - apunts de l'assignatura",
       year = "2001"
}

@misc {AR1,
       author       = "Dylan Bailey",
       title        = "Qualcomm Augmented Reality SDK Available Now",
       howpublished = "Recurso electrónico. Disponible en: \url{http://androidcommunity.com/qualcomm-augmented-reality-sdk-available-now-20101004/}"
}

@misc {Nacho1,
       author       = "Nacho Palou",
       title        = "¿Cómo funciona Google Goggles?",
       howpublished = "Recurso electrónico. Disponible en: \url{http://www.microsiervos.com/archivo/tecnologia/que-es-y-como-funciona-google-goggles.html}"
}

@misc {wiki1,
       author       = "VV.AA.",
       title        = "MPEG-7",
       howpublished = "Recurso electrónico. Disponible en: \url{http://es.wikipedia.org/wiki/MPEG-7}"
}

@misc {wiki2,
       author       = "VV.AA.",
       title        = "Scale-invariant feature transform",
       howpublished = "Recurso electrónico. Disponible en: \url{http://en.wikipedia.org/wiki/Scale-invariant_feature_transform}"
}

@misc {wiki3,
    author       = "VV.AA.",
	howpublished = "Recurso electrónico. Disponible en: \url{http://es.wikipedia.org/wiki/Android}",
	title = "Android"
}

@misc {wiki4,
       author       = "VV.AA.",
	howpublished = "Recurso electrónico. Disponible en: \url{http://es.wikipedia.org/wiki/Dalvik}",
	title = "Dalvik"
}

@misc {wiki5,
       author       = "VV.AA.",
	howpublished = "Recurso electrónico. Disponible en: \url{http://es.wikipedia.org/wiki/OpenCV}",
	title = "OpenCV"
}


@misc {android1,
    author       = "VV.AA.",
	howpublished = "Recurso electrónico. Disponible en: \url{http://developer.android.com/sdk/ndk/overview.html}",
	title = "What is the NDK?"
}

@misc {opencv1,
    author       = "VV.AA.",
	howpublished = "Recurso electrónico. Disponible en: \url{http://opencv.willowgarage.com/wiki/}",
	title = "OpenCV"
}

@misc {android2,
    author       = "VV.AA.",
	howpublished = "Recurso electrónico. Disponible en: \url{http://developer.android.com/resources/dashboard/platform-versions.html}",
	title = "Android Platform Versions"
}
